<?xml version="1.0" encoding="UTF-8" ?><marc:collection xmlns:marc="http://www.loc.gov/MARC21/slim" xmlns:xsi="http://www.w3.org/2001/XMLSchema-instance" xsi:schemaLocation="http://www.loc.gov/MARC21/slim http://www.loc.gov/standards/marcxml/schema/MARC21slim.xsd">
<marc:record><marc:leader>01493nam a2200229   4500</marc:leader>
<marc:controlfield tag="001">N10049</marc:controlfield>
<marc:controlfield tag="003">CU-RivES </marc:controlfield><marc:controlfield tag="005">20090206223027.0</marc:controlfield><marc:controlfield tag="008">840710s1758    enk||||       00| ||eng c</marc:controlfield><marc:controlfield tag="009">006000111 </marc:controlfield><marc:datafield tag="035" ind1=" " ind2=" "><marc:subfield code="a">(Uk-ES)006000111 </marc:subfield></marc:datafield><marc:datafield tag="040" ind1=" " ind2=" "><marc:subfield code="a">CU-RivES</marc:subfield><marc:subfield code="c">CU-RivES</marc:subfield><marc:subfield code="d">CU-RivES</marc:subfield><marc:subfield code="d">CStRLIN</marc:subfield><marc:subfield code="d">CU-RivES</marc:subfield></marc:datafield><marc:datafield tag="100" ind1="1" ind2=" "><marc:subfield code="a">Davila, Arrigo Caterino,</marc:subfield><marc:subfield code="d">1576-1631.</marc:subfield></marc:datafield><marc:datafield tag="240" ind1="1" ind2="0"><marc:subfield code="a">Istoria delle guerre civilé di Francia.</marc:subfield><marc:subfield code="l">English</marc:subfield></marc:datafield><marc:datafield tag="245" ind1="1" ind2="4"><marc:subfield code="a">The history of the civil wars of France.</marc:subfield><marc:subfield code="b">In which are related, the most remarkable transactions that happened during the reigns of Francis the Second, Charles the Ninth, Henry the Third, and, Henry the Fourth, surnamed the Great. A new translation from the Italian of Henrico Caterino Davila. By Ellis Farneworth, M. A. ... </marc:subfield></marc:datafield><marc:datafield tag="260" ind1=" " ind2=" "><marc:subfield code="a">London :</marc:subfield><marc:subfield code="b">printed for D. Browne, without Temple-Bar A. Millar, in the Strand J. Whiston and B. White, in Fleet-Street R. and J. Dodsley, in Pall-Mall and W. Sandby, in Fleet-Street,</marc:subfield><marc:subfield code="c">MDCCLVIII. [1758] </marc:subfield></marc:datafield><marc:datafield tag="300" ind1=" " ind2=" "><marc:subfield code="a">2v. ;</marc:subfield><marc:subfield code="c">4⁰. </marc:subfield></marc:datafield><marc:datafield tag="533" ind1=" " ind2=" "><marc:subfield code="a">Microfilm.</marc:subfield><marc:subfield code="b">Woodbridge, Conn.:</marc:subfield><marc:subfield code="c">Primary Source Media,</marc:subfield><marc:subfield code="d">1999.</marc:subfield><marc:subfield code="e">1 reel ; 35 mm.</marc:subfield><marc:subfield code="f">(The Eighteenth Century ; reel 10545, no. 02).</marc:subfield><marc:subfield code="7">s1999 ctu b </marc:subfield></marc:datafield><marc:datafield tag="533" ind1=" " ind2=" "><marc:subfield code="a">Electronic reproduction.</marc:subfield><marc:subfield code="b">Farmington Hills, Mich. :</marc:subfield><marc:subfield code="c">Thomson Gale,</marc:subfield><marc:subfield code="d">2003.</marc:subfield><marc:subfield code="f">(Eighteenth century collections online).</marc:subfield><marc:subfield code="n">Available via the World Wide Web.</marc:subfield><marc:subfield code="n">Access limited by licensing agreements. </marc:subfield></marc:datafield><marc:datafield tag="648" ind1=" " ind2="7"><marc:subfield code="a">1701-1800</marc:subfield><marc:subfield code="2">local</marc:subfield></marc:datafield><marc:datafield tag="651" ind1=" " ind2="0"><marc:subfield code="a">France</marc:subfield><marc:subfield code="x">History</marc:subfield><marc:subfield code="y">Wars of the Huguenots, 1562-1598.</marc:subfield></marc:datafield><marc:datafield tag="752" ind1=" " ind2=" "><marc:subfield code="a">Great Britain</marc:subfield><marc:subfield code="b">England</marc:subfield><marc:subfield code="d">London.</marc:subfield></marc:datafield></marc:record>