
<marc:record><marc:leader>01693cam a2200289   4500</marc:leader>
<marc:controlfield tag="001">N10081</marc:controlfield>
<marc:controlfield tag="003">CU-RivES</marc:controlfield><marc:controlfield tag="005">20091118161529.0</marc:controlfield><marc:controlfield tag="008">840710s1728    enk||||       00| ||eng c</marc:controlfield><marc:controlfield tag="009">006000146</marc:controlfield><marc:datafield tag="035" ind1=" " ind2=" "><marc:subfield code="a">(Uk-ES)006000146</marc:subfield></marc:datafield><marc:datafield tag="040" ind1=" " ind2=" "><marc:subfield code="a">CU-RivES</marc:subfield><marc:subfield code="c">CU-RivES</marc:subfield><marc:subfield code="d">CU-RivES</marc:subfield><marc:subfield code="d">CStRLIN</marc:subfield><marc:subfield code="d">CU-RivES</marc:subfield></marc:datafield><marc:datafield tag="100" ind1="1" ind2=" "><marc:subfield code="a">Holland, Richard,</marc:subfield><marc:subfield code="d">1688-1730.</marc:subfield></marc:datafield><marc:datafield tag="245" ind1="1" ind2="0"><marc:subfield code="a">Observations on the small pox: or, An essay to discover a more effectual method of cure.</marc:subfield><marc:subfield code="b">By Richard Holland, M.D. Fellow of the College of Physicians and the Royal Society.</marc:subfield></marc:datafield><marc:datafield tag="260" ind1=" " ind2=" "><marc:subfield code="a">London :</marc:subfield><marc:subfield code="b">printed for John Brindley, Bookbinder to the Majesty, at the King's Arms in New-Bond-Street,</marc:subfield><marc:subfield code="c">1728.</marc:subfield></marc:datafield><marc:datafield tag="300" ind1=" " ind2=" "><marc:subfield code="a">[8],xix,[1],76,79-164[i.e.162]p. ;</marc:subfield><marc:subfield code="c">8⁰.</marc:subfield></marc:datafield><marc:datafield tag="500" ind1=" " ind2=" "><marc:subfield code="a">P.162 misnumbered 164; variant: p.162 correctly numbered.</marc:subfield></marc:datafield><marc:datafield tag="500" ind1=" " ind2=" "><marc:subfield code="a">Text is continuous despite pagination.</marc:subfield></marc:datafield><marc:datafield tag="500" ind1=" " ind2=" "><marc:subfield code="a">Sig.O3 (pp.83-84) and sig.Q4 (pp.101-102) are cancels; p.83 line 5 ends: &quot;too&quot;; p.101 line 14 ends: &quot;the&quot;.</marc:subfield></marc:datafield><marc:datafield tag="500" ind1=" " ind2=" "><marc:subfield code="a">In some copies, sigs. O3 and Q4 have not been cancelled; p.83 line 5 ends: &quot;as&quot;; p.101 line 14 ends: &quot;strenghen&quot;.</marc:subfield></marc:datafield><marc:datafield tag="500" ind1=" " ind2=" "><marc:subfield code="a">Printed by William Bowyer; his records show 350 ordinary and 150 large-paper copies printed.</marc:subfield></marc:datafield><marc:datafield tag="510" ind1="4" ind2=" "><marc:subfield code="a">Maslen &amp; Lancaster. Bowyer ledgers,</marc:subfield><marc:subfield code="c">1365</marc:subfield></marc:datafield><marc:datafield tag="533" ind1=" " ind2=" "><marc:subfield code="a">Microfilm.</marc:subfield><marc:subfield code="b">Woodbridge, CT</marc:subfield><marc:subfield code="c">Research Publications, Inc.,</marc:subfield><marc:subfield code="d">1988.</marc:subfield><marc:subfield code="e">1 reel ; 35mm.</marc:subfield><marc:subfield code="f">(The Eighteenth Century ; reel 3073, no. 8).</marc:subfield></marc:datafield><marc:datafield tag="533" ind1=" " ind2=" "><marc:subfield code="a">Electronic reproduction.</marc:subfield><marc:subfield code="b">Farmington Hills, Mich. :</marc:subfield><marc:subfield code="c">Thomson Gale,</marc:subfield><marc:subfield code="d">2003.</marc:subfield><marc:subfield code="f">(Eighteenth century collections online).</marc:subfield><marc:subfield code="n">Available via the World Wide Web.</marc:subfield><marc:subfield code="n">Access limited by licensing agreements.</marc:subfield></marc:datafield><marc:datafield tag="648" ind1=" " ind2="7"><marc:subfield code="a">1701-1800</marc:subfield><marc:subfield code="2">local</marc:subfield></marc:datafield><marc:datafield tag="650" ind1=" " ind2="0"><marc:subfield code="a">Smallpox.</marc:subfield></marc:datafield><marc:datafield tag="752" ind1=" " ind2=" "><marc:subfield code="a">Great Britain</marc:subfield><marc:subfield code="b">England</marc:subfield><marc:subfield code="d">London.</marc:subfield></marc:datafield></marc:record>