
<marc:record><marc:leader>01208cam a2200289   4500</marc:leader>
<marc:controlfield tag="001">N101</marc:controlfield>
<marc:controlfield tag="003">CU-RivES </marc:controlfield><marc:controlfield tag="005">20090516220242.0</marc:controlfield><marc:controlfield tag="008">820917s1733    enk||||       00| ||eng c</marc:controlfield><marc:controlfield tag="009">006000166 </marc:controlfield><marc:datafield tag="035" ind1=" " ind2=" "><marc:subfield code="a">(Uk-ES)006000166 </marc:subfield></marc:datafield><marc:datafield tag="040" ind1=" " ind2=" "><marc:subfield code="a">CU-RivES</marc:subfield><marc:subfield code="c">CU-RivES</marc:subfield><marc:subfield code="d">Uk-ES</marc:subfield><marc:subfield code="d">CStRLIN</marc:subfield></marc:datafield><marc:datafield tag="100" ind1="1" ind2=" "><marc:subfield code="a">Hasledine, William,</marc:subfield><marc:subfield code="d">1713 or 14-1773.</marc:subfield></marc:datafield><marc:datafield tag="240" ind1="1" ind2="0"><marc:subfield code="a">Bellus homo et academicus.</marc:subfield><marc:subfield code="l">English</marc:subfield></marc:datafield><marc:datafield tag="245" ind1="1" ind2="4"><marc:subfield code="a">The beau and the academick.</marc:subfield><marc:subfield code="b">A dialogue in imitation of Bellus homo and academicus, spoken at the late publick act at Oxford. Address'd to the ladies. </marc:subfield></marc:datafield><marc:datafield tag="260" ind1=" " ind2=" "><marc:subfield code="a">London :</marc:subfield><marc:subfield code="b">printed for J. Roberts,</marc:subfield><marc:subfield code="c">[1733] </marc:subfield></marc:datafield><marc:datafield tag="300" ind1=" " ind2=" "><marc:subfield code="a">[4],12p. ;</marc:subfield><marc:subfield code="c">4⁰. </marc:subfield></marc:datafield><marc:datafield tag="500" ind1=" " ind2=" "><marc:subfield code="a">Preface signed: Bellamant i.e. William Bowyer. </marc:subfield></marc:datafield><marc:datafield tag="500" ind1=" " ind2=" "><marc:subfield code="a">A translation of William Hasledine's 'Bellus homo et academicus', 1733. </marc:subfield></marc:datafield><marc:datafield tag="500" ind1=" " ind2=" "><marc:subfield code="a">Printed by William Bowyer; his records show 500 copies printed for himself and Innys as partners.</marc:subfield></marc:datafield><marc:datafield tag="500" ind1=" " ind2=" "><marc:subfield code="a">Signatures: A² B⁴ C².</marc:subfield></marc:datafield><marc:datafield tag="500" ind1=" " ind2=" "><marc:subfield code="a">Signatures from Maslen &amp; Lancaster, and Foxon.</marc:subfield></marc:datafield><marc:datafield tag="510" ind1="4" ind2=" "><marc:subfield code="a">Foxon,</marc:subfield><marc:subfield code="c">B337</marc:subfield></marc:datafield><marc:datafield tag="510" ind1="4" ind2=" "><marc:subfield code="a">Maslen &amp; Lancaster. Bowyer ledgers,</marc:subfield><marc:subfield code="c">1975</marc:subfield></marc:datafield><marc:datafield tag="648" ind1=" " ind2="7"><marc:subfield code="a">1701-1800</marc:subfield><marc:subfield code="2">local</marc:subfield></marc:datafield><marc:datafield tag="700" ind1="1" ind2=" "><marc:subfield code="a">Bowyer, William,</marc:subfield><marc:subfield code="d">1699-1777.</marc:subfield></marc:datafield><marc:datafield tag="752" ind1=" " ind2=" "><marc:subfield code="a">Great Britain</marc:subfield><marc:subfield code="b">England</marc:subfield><marc:subfield code="d">London.</marc:subfield></marc:datafield></marc:record>