
<marc:record><marc:leader>01544nam a2200277   4500</marc:leader>
<marc:controlfield tag="001">N10263</marc:controlfield>
<marc:controlfield tag="003">CU-RivES</marc:controlfield><marc:controlfield tag="005">20060812125846.0</marc:controlfield><marc:controlfield tag="008">840716s1767    enk||||       00||||eng c</marc:controlfield><marc:controlfield tag="009">006000348</marc:controlfield><marc:datafield tag="035" ind1=" " ind2=" "><marc:subfield code="a">(Uk-ES)006000348</marc:subfield></marc:datafield><marc:datafield tag="040" ind1=" " ind2=" "><marc:subfield code="a">CU-RivES</marc:subfield><marc:subfield code="c">CU-RivES</marc:subfield><marc:subfield code="d">CStRLIN</marc:subfield><marc:subfield code="d">CU-RivES</marc:subfield></marc:datafield><marc:datafield tag="100" ind1="1" ind2=" "><marc:subfield code="a">Clarke, John,</marc:subfield><marc:subfield code="d">1687-1734.</marc:subfield></marc:datafield><marc:datafield tag="245" ind1="1" ind2="2"><marc:subfield code="a">A new grammar of the Latin tongue, comprising all necessary for grammar-schools.</marc:subfield><marc:subfield code="b">To which is annexed a dissertation upon language. By John Clarke, Author of the Two Essays upon Education and Study, Introduction to the Making of Latin, &amp;c.</marc:subfield></marc:datafield><marc:datafield tag="246" ind1="3" ind2=" "><marc:subfield code="a">New grammar of the Latin tongue, comprising all in the art necessary for grammar-schools</marc:subfield></marc:datafield><marc:datafield tag="250" ind1=" " ind2=" "><marc:subfield code="a">The fifth edition, corrected.</marc:subfield></marc:datafield><marc:datafield tag="260" ind1=" " ind2=" "><marc:subfield code="a">London :</marc:subfield><marc:subfield code="b">printed for L. Hawes, W. Clarke, and R. Collins, in Pater-Noster Row,</marc:subfield><marc:subfield code="c">M.DCC.LXVII. [1767] </marc:subfield></marc:datafield><marc:datafield tag="300" ind1=" " ind2=" "><marc:subfield code="a">xv,[3],173,[1]p. ;</marc:subfield><marc:subfield code="c">12⁰.</marc:subfield></marc:datafield><marc:datafield tag="509" ind1=" " ind2=" "><marc:subfield code="a">The leaf following that numbered xv on recto is numbered 18, 17</marc:subfield></marc:datafield><marc:datafield tag="533" ind1=" " ind2=" "><marc:subfield code="a">Microfilm.</marc:subfield><marc:subfield code="b">Woodbridge, CT</marc:subfield><marc:subfield code="c">Research Publications, Inc.,</marc:subfield><marc:subfield code="d">1986.</marc:subfield><marc:subfield code="e">1 reel ; 35mm.</marc:subfield><marc:subfield code="f">(The Eighteenth Century ; reel 1583, no. 04).</marc:subfield></marc:datafield><marc:datafield tag="533" ind1=" " ind2=" "><marc:subfield code="a">Electronic reproduction.</marc:subfield><marc:subfield code="b">Farmington Hills, Mich. :</marc:subfield><marc:subfield code="c">Thomson Gale,</marc:subfield><marc:subfield code="d">2003.</marc:subfield><marc:subfield code="f">(Eighteenth century collections online).</marc:subfield><marc:subfield code="n">Available via the World Wide Web.</marc:subfield><marc:subfield code="n">Access limited by licensing agreements.</marc:subfield></marc:datafield><marc:datafield tag="648" ind1=" " ind2="7"><marc:subfield code="a">1701-1800</marc:subfield><marc:subfield code="2">local</marc:subfield></marc:datafield><marc:datafield tag="650" ind1=" " ind2="0"><marc:subfield code="a">Latin language</marc:subfield><marc:subfield code="x">Grammar</marc:subfield><marc:subfield code="v">Early works to 1800.</marc:subfield></marc:datafield><marc:datafield tag="655" ind1=" " ind2="7"><marc:subfield code="a">Grammars.</marc:subfield><marc:subfield code="2">rbgenr</marc:subfield></marc:datafield><marc:datafield tag="752" ind1=" " ind2=" "><marc:subfield code="a">Great Britain</marc:subfield><marc:subfield code="b">England</marc:subfield><marc:subfield code="d">London.</marc:subfield></marc:datafield><marc:datafield tag="985" ind1=" " ind2=" "><marc:subfield code="a">Subject headings created by HTC</marc:subfield><marc:subfield code="d">May 2008</marc:subfield><marc:subfield code="i">nCU-RivES</marc:subfield></marc:datafield></marc:record>