
<marc:record><marc:leader>01565cam a2200301   4500</marc:leader>
<marc:controlfield tag="001">N10280</marc:controlfield>
<marc:controlfield tag="003">CU-RivES </marc:controlfield><marc:controlfield tag="005">20080503043207.0</marc:controlfield><marc:controlfield tag="008">840716s1710    enk||||       00| ||eng c</marc:controlfield><marc:controlfield tag="009">006000366 </marc:controlfield><marc:datafield tag="035" ind1=" " ind2=" "><marc:subfield code="a">(Uk-ES)006000366 </marc:subfield></marc:datafield><marc:datafield tag="040" ind1=" " ind2=" "><marc:subfield code="a">CU-RivES</marc:subfield><marc:subfield code="c">CU-RivES</marc:subfield><marc:subfield code="d">CStRLIN</marc:subfield><marc:subfield code="d">CU-RivES</marc:subfield></marc:datafield><marc:datafield tag="100" ind1="1" ind2=" "><marc:subfield code="a">Spinckes, Nathaniel,</marc:subfield><marc:subfield code="d">1654-1727.</marc:subfield></marc:datafield><marc:datafield tag="245" ind1="1" ind2="4"><marc:subfield code="a">The new pretenders to prophecy re-examined:</marc:subfield><marc:subfield code="b">and their pretences shewn to be groundless and false. And Sir R. Bulkeley and A. Whitro convicted of very foul practices, in order to the carrying on their imposture. By N. Spinckes a Presbyter of the Church of England. </marc:subfield></marc:datafield><marc:datafield tag="260" ind1=" " ind2=" "><marc:subfield code="a">London :</marc:subfield><marc:subfield code="b">printed for Richard Sare, at Grays-Inn-Gate in Holbourn,</marc:subfield><marc:subfield code="c">1710. </marc:subfield></marc:datafield><marc:datafield tag="300" ind1=" " ind2=" "><marc:subfield code="a">xvi,56p. ;</marc:subfield><marc:subfield code="c">8⁰. </marc:subfield></marc:datafield><marc:datafield tag="500" ind1=" " ind2=" "><marc:subfield code="a">On A. Whitrow's 'The warnings of the eternal spirit' with preface by Sir Richard Bulkeley. </marc:subfield></marc:datafield><marc:datafield tag="500" ind1=" " ind2=" "><marc:subfield code="a">Another issue omits &quot;And Sir R. Bulkeley and A. Whitro convicted of very foul practices, in order to the carrying on their imposture.&quot; in title.</marc:subfield></marc:datafield><marc:datafield tag="500" ind1=" " ind2=" "><marc:subfield code="a">Printed by William Bowyer. </marc:subfield></marc:datafield><marc:datafield tag="500" ind1=" " ind2=" "><marc:subfield code="a">Signatures: A-D⁸ E⁴.</marc:subfield></marc:datafield><marc:datafield tag="500" ind1=" " ind2=" "><marc:subfield code="a">Signatures from Maslen &amp; Lancaster.</marc:subfield></marc:datafield><marc:datafield tag="510" ind1="4" ind2=" "><marc:subfield code="a">Maslen &amp; Lancaster. Bowyer ledgers,</marc:subfield><marc:subfield code="c">24</marc:subfield></marc:datafield><marc:datafield tag="533" ind1=" " ind2=" "><marc:subfield code="a">Microfilm.</marc:subfield><marc:subfield code="b">Woodbridge, CT</marc:subfield><marc:subfield code="c">Research Publications, Inc.,</marc:subfield><marc:subfield code="d">1985.</marc:subfield><marc:subfield code="e">1 reel ; 35mm.</marc:subfield><marc:subfield code="f">(The Eighteenth Century ; reel 1273, no. 29). </marc:subfield></marc:datafield><marc:datafield tag="600" ind1="1" ind2="0"><marc:subfield code="a">Bulkeley, Richard,</marc:subfield><marc:subfield code="c">Sir,</marc:subfield><marc:subfield code="d">1644-1710.</marc:subfield></marc:datafield><marc:datafield tag="600" ind1="1" ind2="0"><marc:subfield code="a">Whitrow, Abraham.</marc:subfield><marc:subfield code="t">Warnings of the eternal spirit.</marc:subfield></marc:datafield><marc:datafield tag="648" ind1=" " ind2="7"><marc:subfield code="a">1701-1800</marc:subfield><marc:subfield code="2">local</marc:subfield></marc:datafield><marc:datafield tag="650" ind1=" " ind2="0"><marc:subfield code="a">Prophets</marc:subfield><marc:subfield code="z">Great Britain.</marc:subfield></marc:datafield><marc:datafield tag="752" ind1=" " ind2=" "><marc:subfield code="a">Great Britain</marc:subfield><marc:subfield code="b">England</marc:subfield><marc:subfield code="d">London.</marc:subfield></marc:datafield></marc:record>
</marc:collection>
